@book{koza92,
		author    = "Koza, John R.",
		title     = "Genetic Programming: On the Programming of Computers by Means of Natural Selection",
		publisher = "MIT Press",
		year      = "1992"
}


@misc{ wiki:latex,
       author = "Wikipedia",
       title = "LaTeX --- Wikipedia{,} La enciclopedia libre",
       year = "2015",
       howpublished = {\url{https://es.wikipedia.org/w/index.php?title=LaTeX&oldid=84209252}},
       note = "[Internet; descargado 30-septiembre-2015]"
}


@article{bortolot2005,
  title={Estimating forest biomass using small footprint LiDAR data: An individual tree-based approach that incorporates training data},
  author={Bortolot, Zachary J and Wynne, Randolph H},
  journal={ISPRS Journal of Photogrammetry and Remote Sensing},
  volume={59},
  number={6},
  pages={342--360},
  year={2005},
  publisher={Elsevier}
}

% Bibliografía Trabajos Relacionados
@misc{ hoopsstats,
    author = "Jorje",
    title = {Hoops Stats - The ultimate source for NBA stats},
    url = {http://www.hoopsstats.com/},
	urldate = {2024-04-03},
	month = apr,
	year = 2024,
    howpublished = "\url{http://www.hoopsstats.com/}"
}
@misc{ basketballreference,
    author = "Sean Forman",
    title = {Basketball Reference},
    url = {https://www.basketball-reference.com/},
	urldate = {2024-04-04},
	month = apr,
	year = 2024,
    howpublished = "\url{https://www.basketball-reference.com/}"
}
@misc{ proballers,
    author = "Benoit Dujardin",
    title = {PROBALLERS basketball stats},
    url = {https://www.proballers.com/es},
	urldate = {2024-04-04},
	month = apr,
	year = 2024,
    howpublished = "\url{https://www.proballers.com/es}"
}

% Conceptos teóricos
@misc{ nba,
    author = "Spain ID NBA",
    title = {QUÉ ES LA NBA Y CÓMO FUNCIONA},
    url = {https://spain.id.nba.com/noticias/nba-que-es-como-funciona},
	urldate = {2024-04-29},
	month = apr,
	year = 2024,
    howpublished = "\url{https://spain.id.nba.com/noticias/nba-que-es-como-funciona}"
}
@misc{ api,
    author = "IBM",
    title = {¿Qué es una API?},
    url = {https://www.ibm.com/es-es/topics/api},
	urldate = {2024-04-08},
	month = apr,
	year = 2024,
    howpublished = "\url{https://www.ibm.com/es-es/topics/api}"
}
@misc{ http,
    author = "KeepCoding Team",
    title = {¿Qué es el protocolo HTTP?},
    url = {https://keepcoding.io/blog/que-es-el-protocolo-http/},
	urldate = {2024-04-08},
	month = apr,
	year = 2024,
    howpublished = "\url{https://keepcoding.io/blog/que-es-el-protocolo-http/}"
}
@misc{ random_forest,
    author = "IBM",
    title = {¿Qué es un bosque aleatorio?},
    url = {https://www.ibm.com/es-es/topics/random-forest},
	urldate = {2024-05-21},
	month = may,
	year = 2024,
    howpublished = "\url{https://www.ibm.com/es-es/topics/random-forest}"
}
@misc{ nosql,
    author = "IBM",
    title = {¿Qué son las bases de datos NoSQL?},
    url = {https://www.ibm.com/es-es/topics/nosql-databases},
	urldate = {2024-04-08},
	month = apr,
	year = 2024,
    howpublished = "\url{https://www.ibm.com/es-es/topics/nosql-databases}"
}

% Técnicas y Herramientas
@misc{ angular,
    author = "desarrolloweb.com",
    title = {Angular},
    url = {https://desarrolloweb.com/home/angular},
	urldate = {2024-04-09},
	month = apr,
	year = 2024,
    howpublished = "\url{https://desarrolloweb.com/home/angular}"
}
@misc{ cli,
    author = "desarrolloweb.com",
    title = {Angular CLI},
    url = {https://desarrolloweb.com/articulos/angular-cli.html},
	urldate = {2024-04-09},
	month = apr,
	year = 2024,
    howpublished = "\url{https://desarrolloweb.com/articulos/angular-cli.html}"
}
@misc{ firebase,
    author = "Sara López Mora",
    title = {Firebase: qué es, para qué sirve, funcionalidades y ventajas},
    url = {https://digital55.com/blog/que-es-firebase-funcionalidades-ventajas-conclusiones/},
	urldate = {2024-04-09},
	month = apr,
	year = 2024,
    howpublished = "\url{https://digital55.com/blog/que-es-firebase-funcionalidades-ventajas-conclusiones/}"
}
@misc{ firestore,
    author = "KeepCoding Team",
    title = {¿Qué es Cloud Firestore?},
    url = {https://keepcoding.io/blog/que-es-cloud-firestore/},
	urldate = {2024-04-10},
	month = apr,
	year = 2024,
    howpublished = "\url{https://keepcoding.io/blog/que-es-cloud-firestore/}"
}
@misc{ storage,
    author = "Firebase",
    title = {Cloud Storage for Firebase},
    url = {https://firebase.google.com/docs/storage?hl=es-419},
	urldate = {2024-05-21},
	month = may,
	year = 2024,
    howpublished = "\url{https://firebase.google.com/docs/storage?hl=es-419}"
}
@misc{ cloud_functions,
    author = "Google Cloud",
    title = {Google Cloud Functions y Firebase},
    url = {https://cloud.google.com/functions/docs/concepts/functions-and-firebase?hl=es-419#:~:text=Google%20Cloud%20Functions%20es%20la,y%20el%20equipo%20de%20Firebase.},
	urldate = {2024-05-21},
	month = may,
	year = 2024,
    howpublished = "\url{https://cloud.google.com/functions/docs/concepts/functions-and-firebase?hl=es-419#:~:text=Google%20Cloud%20Functions%20es%20la,y%20el%20equipo%20de%20Firebase.}"
}
@misc{ typescript,
    author = "desarrolloweb.com",
    title = {TypeScript},
    url = {https://desarrolloweb.com/home/typescript},
	urldate = {2024-04-09},
	month = apr,
	year = 2024,
    howpublished = "\url{https://desarrolloweb.com/home/typescript}"
}
@misc{ html,
    author = "desarrolloweb.com",
    title = {HTML},
    url = {https://desarrolloweb.com/home/html},
	urldate = {2024-04-09},
	month = apr,
	year = 2024,
    howpublished = "\url{https://desarrolloweb.com/home/html}"
}
@misc{ css,
    author = "desarrolloweb.com",
    title = {CSS},
    url = {https://desarrolloweb.com/home/css},
	urldate = {2024-04-09},
	month = apr,
	year = 2024,
    howpublished = "\url{https://desarrolloweb.com/home/css}"
}
@misc{ vscode,
    author = "Frankier Flores",
    title = {Qué es Visual Studio Code y qué ventajas ofrece},
    url = {https://openwebinars.net/blog/que-es-visual-studio-code-y-que-ventajas-ofrece/},
	urldate = {2024-04-09},
	month = apr,
	year = 2024,
    howpublished = "\url{https://openwebinars.net/blog/que-es-visual-studio-code-y-que-ventajas-ofrece/}"
}
@misc{ bootstrap,
    author = "Pablo Londoño",
    title = {Qué es Bootstrap, para qué sirve y cómo funciona},
    url = {https://blog.hubspot.es/website/que-es-bootstrap#:~:text=Bootstrap%20es%20una%20biblioteca%20de,a%20diferentes%20formatos%20de%20navegaci%C3%B3n.},
	urldate = {2024-04-09},
	month = apr,
	year = 2024,
    howpublished = "\url{https://blog.hubspot.es/website/que-es-bootstrap#:~:text=Bootstrap%20es%20una%20biblioteca%20de,a%20diferentes%20formatos%20de%20navegaci%C3%B3n.}"
}
@misc{ material,
    author = "Ana Lisseth Juárez Marenco",
    title = {Angular Material: Primeros pasos},
    url = {https://community.listopro.com/angular-material-primeros-pasos/#:~:text=Angular%20Material%20es%20un%20m%C3%B3dulo,dise%C3%B1ar%20una%20aplicaci%C3%B3n%20m%C3%A1s%20estructurada.},
	urldate = {2024-04-09},
	month = apr,
	year = 2024,
    howpublished = "\url{https://community.listopro.com/angular-material-primeros-pasos/#:~:text=Angular%20Material%20es%20un%20m%C3%B3dulo,dise%C3%B1ar%20una%20aplicaci%C3%B3n%20m%C3%A1s%20estructurada.}"
}
@misc{ chartjs,
    author = "Laura Cercas Ramos",
    title = {Cómo añadir gráficos en tu web con Chart.js},
    url = {https://www.adictosaltrabajo.com/2022/07/01/como-anadir-graficos-en-tu-web-con-chart-js/},
	urldate = {2024-04-10},
	month = apr,
	year = 2024,
    howpublished = "\url{https://www.adictosaltrabajo.com/2022/07/01/como-anadir-graficos-en-tu-web-con-chart-js/}"
}
@misc{ github,
    author = "Gustavo B.",
    title = {Qué es GitHub y cómo empezar a usarlo},
    url = {https://www.hostinger.es/tutoriales/que-es-github},
	urldate = {2024-04-10},
	month = apr,
	year = 2024,
    howpublished = "\url{https://www.hostinger.es/tutoriales/que-es-github}"
}
@misc{ trello,
    author = "Daniella Terreros",
    title = {Qué es Trello, para qué sirve y cómo funciona},
    url = {https://blog.hubspot.es/marketing/que-es-trello},
	urldate = {2024-04-10},
	month = apr,
	year = 2024,
    howpublished = "\url{https://blog.hubspot.es/marketing/que-es-trello}"
}
@misc{ zotero,
    author = "Biblioteca/CRAI de la Universidad Pablo de Olavide",
    title = {Zotero: Qué es Zotero},
    url = {https://guiasbib.upo.es/zotero},
	urldate = {2024-04-10},
	month = apr,
	year = 2024,
    howpublished = "\url{https://guiasbib.upo.es/zotero}"
}
@misc{ latex,
    author = "Carolina González Valenzuela",
    title = {¿Qué es LaTeX y cómo funciona esta útil herramienta para crear documentos?},
    url = {https://computerhoy.com/tecnologia/latex-como-funciona-util-herramienta-crear-documentos-1165366},
	urldate = {2024-04-10},
	month = apr,
	year = 2024,
    howpublished = "\url{https://computerhoy.com/tecnologia/latex-como-funciona-util-herramienta-crear-documentos-1165366}"
}
@misc{ overleaf,
    author = "Biblioteca/CRAI de la Universidad Pablo de Olavide",
    title = {LaTeX: redacción de documentos científicos},
    url = {https://guiasbib.upo.es/latex/Trabajando-con-Overleaf},
	urldate = {2024-04-10},
	month = apr,
	year = 2024,
    howpublished = "\url{https://guiasbib.upo.es/latex/Trabajando-con-Overleaf}"
}
@misc{ rapidapi,
    author = "RapidAPI",
    title = {What is rapidapi.com?},
    url = {https://docs.rapidapi.com/docs/what-is-rapidapi},
	urldate = {2024-04-10},
	month = apr,
	year = 2024,
    howpublished = "\url{https://docs.rapidapi.com/docs/what-is-rapidapi}"
}
@misc{ canva,
    author = "Yúbal Fernández",
    title = {Qué es Canva, cómo funciona y cómo usarlo para crear un diseño},
    url = {https://www.xataka.com/basics/que-canva-como-funciona-como-usarlo-para-crear-diseno},
	urldate = {2024-04-10},
	month = apr,
	year = 2024,
    howpublished = "\url{https://www.xataka.com/basics/que-canva-como-funciona-como-usarlo-para-crear-diseno}"
}
@misc{ copilot,
    author = "Laia Cardona",
    title = {Microsoft Copilot: qué es y cómo funciona},
    url = {https://www.cyberclick.es/numerical-blog/microsoft-copilot-que-es-y-como-funciona},
	urldate = {2024-04-10},
	month = apr,
	year = 2024,
    howpublished = "\url{https://www.cyberclick.es/numerical-blog/microsoft-copilot-que-es-y-como-funciona}"
}
@misc{ flaticon,
    author = "Lluís Codina",
    title = {Flaticon: banco de iconos con licencia de uso gratuito},
    url = {https://www.lluiscodina.com/banco-de-iconos-flaticon/},
	urldate = {2024-04-29},
	month = apr,
	year = 2024,
    howpublished = "\url{https://www.lluiscodina.com/banco-de-iconos-flaticon/}"
}
@misc{ freepik,
    author = "José Facchin",
    title = {¿Qué es Freepik y cómo funciona esta plataforma española para descargar recursos gráficos?},
    url = {https://josefacchin.com/freepik/#que-es-freepik},
	urldate = {2024-04-30},
	month = apr,
	year = 2024,
    howpublished = "\url{https://josefacchin.com/freepik/#que-es-freepik}"
}
@misc{ drawio,
    author = "KeepCoding",
    title = {¿Qué es Draw.io?},
    url = {https://keepcoding.io/blog/que-es-drawio/},
	urldate = {2024-05-21},
	month = may,
	year = 2024,
    howpublished = "\url{https://keepcoding.io/blog/que-es-drawio/}"
}
@misc{ figma,
    author = "impulsoh",
    title = {Figma: ¿Qué es y para qué sirve?},
    url = {https://impulsoh.com/que-es-figma-y-para-que-sirve/},
	urldate = {2024-05-21},
	month = may,
	year = 2024,
    howpublished = "\url{https://impulsoh.com/que-es-figma-y-para-que-sirve/}"
}
@misc{ postman,
    author = "Javier",
    title = {¿Qué es Postman? ¿Cuáles son sus principales ventajas?},
    url = {https://formadoresit.es/que-es-postman-cuales-son-sus-principales-ventajas/},
	urldate = {2024-06-04},
	month = jun,
	year = 2024,
    howpublished = "\url{https://formadoresit.es/que-es-postman-cuales-son-sus-principales-ventajas/}"
}

% Aspectos relevantes
@misc{ openwebinars,
    author = "OpenWebinars",
    title = {OpenWebinars},
    url = {https://openwebinars.net/},
	urldate = {2024-06-03},
	month = jun,
	year = 2024,
    howpublished = "\url{https://openwebinars.net/}"
}
@misc{ tutorial-angular,
    author = "Angular",
    title = {Tour of Heroes application and tutorial},
    url = {https://v17.angular.io/tutorial/tour-of-heroes},
	urldate = {2024-06-03},
	month = jun,
	year = 2024,
    howpublished = "\url{https://v17.angular.io/tutorial/tour-of-heroes}"
}
@misc{ tutorial-firebase,
    author = "DotTech-ES",
    title = {Cómo Crear y Configurar un Proyecto en Angular y Firebase},
    url = {https://www.youtube.com/watch?v=E5iSsbPwXe8},
	urldate = {2024-06-03},
	month = jun,
	year = 2024,
    howpublished = "\url{https://www.youtube.com/watch?v=E5iSsbPwXe8}"
}
@misc{ tutorial-firebase-2,
    author = "Garaje de ideas | Tech",
    title = {Cómo crear un Login con Firebase en Angular paso a paso},
    url = {https://www.youtube.com/watch?v=8VTxuIvMTlc},
	urldate = {2024-06-03},
	month = jun,
	year = 2024,
    howpublished = "\url{https://www.youtube.com/watch?v=8VTxuIvMTlc}"
}
@misc{ tutorial-firebase-3,
    author = "Garaje de ideas | Tech",
    title = {Deploy Angular a Firebase Hosting},
    url = {https://www.youtube.com/watch?v=P4K59gr8sw0},
	urldate = {2024-06-03},
	month = jun,
	year = 2024,
    howpublished = "\url{https://www.youtube.com/watch?v=P4K59gr8sw0}"
}
@misc{ berkahicon,
    author = "berkahicon",
    title = {Icono Login y Análisis},
    url = {https://www.flaticon.com/authors/berkahicon},
	urldate = {2024-06-03},
	month = jun,
	year = 2024,
    howpublished = "\url{https://www.flaticon.com/authors/berkahicon}"
}
@misc{ kreev-studio,
    author = "Kreev Studio",
    title = {Icono Games y Playoffs},
    url = {https://www.flaticon.com/authors/kreev-studio},
	urldate = {2024-06-03},
	month = jun,
	year = 2024,
    howpublished = "\url{https://www.flaticon.com/authors/kreev-studio}"
}
@misc{ pixel-perfect,
    author = "Pixel perfect",
    title = {Icono Outlook, Standings y GitHub},
    url = {https://www.flaticon.com/authors/pixel-perfect},
	urldate = {2024-06-03},
	month = jun,
	year = 2024,
    howpublished = "\url{https://www.flaticon.com/authors/pixel-perfect}"
}
@misc{ autor-freepik,
    author = "Freepik",
    title = {Icono Leaders y Google},
    url = {https://www.flaticon.com/authors/freepik},
	urldate = {2024-06-03},
	month = jun,
	year = 2024,
    howpublished = "\url{https://www.flaticon.com/authors/freepik}"
}
@misc{ kmg-design,
    author = "kmg design",
    title = {Icono Teams},
    url = {https://www.flaticon.com/authors/kmg-design},
	urldate = {2024-06-03},
	month = jun,
	year = 2024,
    howpublished = "\url{https://www.flaticon.com/authors/kmg-design}"
}
@misc{ bsd,
    author = "bsd",
    title = {Icono Predict},
    url = {https://www.flaticon.com/authors/bsd},
	urldate = {2024-06-03},
	month = jun,
	year = 2024,
    howpublished = "\url{https://www.flaticon.com/authors/bsd}"
}
@misc{ icon-hubs,
    author = "Icon Hubs",
    title = {Icono Logout},
    url = {https://www.flaticon.com/authors/icon-hubs},
	urldate = {2024-06-03},
	month = jun,
	year = 2024,
    howpublished = "\url{https://www.flaticon.com/authors/icon-hubs}"
}
@misc{ fliqqer,
    author = "Fliqqer",
    title = {Icono NBA},
    url = {https://www.flaticon.com/authors/fliqqer},
	urldate = {2024-06-03},
	month = jun,
	year = 2024,
    howpublished = "\url{https://www.flaticon.com/authors/fliqqer}"
}
@misc{ autor-google,
    author = "Google",
    title = {Icono LinkedIn},
    url = {https://www.flaticon.com/authors/google},
	urldate = {2024-06-03},
	month = jun,
	year = 2024,
    howpublished = "\url{https://www.flaticon.com/authors/google}"
}
@misc{ freepik-main,
    author = "Freepik",
    title = {Red de metal de baloncesto},
    url = {https://www.freepik.es/foto-gratis/red-metal-baloncesto_2272987.htm#position=2},
	urldate = {2024-06-03},
	month = jun,
	year = 2024,
    howpublished = "\url{https://www.freepik.es/foto-gratis/red-metal-baloncesto_2272987.htm#position=2}"
}
@misc{ freepik-nba,
    author = "Freepik",
    title = {Vista superior de baloncesto en clase de gimnasia},
    url = {https://www.freepik.es/foto-gratis/vista-superior-baloncesto-clase-gimnasia_17539112.htm#position=4},
	urldate = {2024-06-03},
	month = jun,
	year = 2024,
    howpublished = "\url{https://www.freepik.es/foto-gratis/vista-superior-baloncesto-clase-gimnasia_17539112.htm#position=4}"
}
@misc{ api-nba,
    author = "RapidAPI",
    title = {API-NBA},
    url = {https://rapidapi.com/api-sports/api/api-nba},
	urldate = {2024-06-03},
	month = jun,
	year = 2024,
    howpublished = "\url{https://rapidapi.com/api-sports/api/api-nba}"
}
@misc{ papaparse,
    author = "Papa Parse",
    title = {Papa Parse},
    url = {https://www.papaparse.com/},
	urldate = {2024-06-04},
	month = jun,
	year = 2024,
    howpublished = "\url{https://www.papaparse.com/}"
}