@misc{ trello,
    author = "Roberto Lastras Santos",
    title = {TFG - Roberto Lastras Santos},
    url = {https://trello.com/b/yIimVhGj/tfg-roberto-lastras-santos},
	urldate = {2024-04-16},
	month = apr,
	year = 2024,
    howpublished = "\url{https://trello.com/b/yIimVhGj/tfg-roberto-lastras-santos}"
}

@misc{ ss,
    author = "Seguridad Social",
    title = {RÃ©gimen General de la Seguridad Social},
    url = {https://www.seg-social.es/wps/portal/wss/internet/Trabajadores/CotizacionRecaudacionTrabajadores/36537},
	urldate = {2024-06-06},
	month = jun,
	year = 2024,
    howpublished = "\url{https://www.seg-social.es/wps/portal/wss/internet/Trabajadores/CotizacionRecaudacionTrabajadores/36537}"
}

@misc{ patron,
    author = "Vanessa Aristizabal",
    title = {Arquitectura en Angular},
    url = {https://dev.to/vanessamarely/arquitectura-en-angular-5c23},
	urldate = {2024-05-20},
	month = may,
	year = 2024,
    howpublished = "\url{https://dev.to/vanessamarely/arquitectura-en-angular-5c23}"
}

@misc{ mvvm,
    author = "Michael Stonis",
    title = {Modelo-Vista-Modelo de vista (MVVM)},
    url = {https://learn.microsoft.com/es-es/dotnet/architecture/maui/mvvm},
	urldate = {2024-05-20},
	month = may,
	year = 2024,
    howpublished = "\url{https://learn.microsoft.com/es-es/dotnet/architecture/maui/mvvm}"
}

@misc{ github,
    author = "Roberto Lastras Santos",
    title = {StatsGlowMind},
    url = {https://github.com/roberlastrass/StatsGlowMind},
	urldate = {2024-06-06},
	month = jun,
	year = 2024,
    howpublished = "\url{https://github.com/roberlastrass/StatsGlowMind}"
}